%YAML 1.1
%TAG !u! tag:unity3d.com,2011:
--- !u!244 &-8692407889701182777
AudioMixerEffectController:
  m_ObjectHideFlags: 3
  m_CorrespondingSourceObject: {fileID: 0}
  m_PrefabInstance: {fileID: 0}
  m_PrefabAsset: {fileID: 0}
  m_Name: 
  m_EffectID: 87b4ca7baf669d146bee52cd1a885cb0
  m_EffectName: Attenuation
  m_MixLevel: a3670834f1062d747b37f4d21ac11df3
  m_Parameters: []
  m_SendTarget: {fileID: 0}
  m_EnableWetMix: 0
  m_Bypass: 0
--- !u!243 &-1335301359507271969
AudioMixerGroupController:
  m_ObjectHideFlags: 0
  m_CorrespondingSourceObject: {fileID: 0}
  m_PrefabInstance: {fileID: 0}
  m_PrefabAsset: {fileID: 0}
  m_Name: Music
  m_AudioMixer: {fileID: 24100000}
  m_GroupID: 3dd682f14de8c294c874ebe3ceb25577
  m_Children: []
  m_Volume: 2759b6de4a669d441b6302269e17f321
  m_Pitch: 2d7a0712a75065c4884c6564559201d8
  m_Send: 00000000000000000000000000000000
  m_Effects:
  - {fileID: -8692407889701182777}
  m_UserColorIndex: 0
  m_Mute: 0
  m_Solo: 0
  m_BypassEffects: 0
--- !u!244 &-611717690911701758
AudioMixerEffectController:
  m_ObjectHideFlags: 3
  m_CorrespondingSourceObject: {fileID: 0}
  m_PrefabInstance: {fileID: 0}
  m_PrefabAsset: {fileID: 0}
  m_Name: 
  m_EffectID: 34b9d34e10870774ea6e2979a4ef6d9b
  m_EffectName: Attenuation
  m_MixLevel: f2cc48629563c934bbd840e5ad47de7a
  m_Parameters: []
  m_SendTarget: {fileID: 0}
  m_EnableWetMix: 0
  m_Bypass: 0
--- !u!241 &24100000
AudioMixerController:
  m_ObjectHideFlags: 0
  m_CorrespondingSourceObject: {fileID: 0}
  m_PrefabInstance: {fileID: 0}
  m_PrefabAsset: {fileID: 0}
  m_Name: AudioMixer
  m_OutputGroup: {fileID: 0}
  m_MasterGroup: {fileID: 24300002}
  m_Snapshots:
  - {fileID: 24500006}
  m_StartSnapshot: {fileID: 24500006}
  m_SuspendThreshold: -80
  m_EnableSuspend: 1
  m_UpdateMode: 0
  m_ExposedParameters: []
  m_AudioMixerGroupViews:
  - guids:
    - 7e25f760827889e448995acae500fb26
    - 3dd682f14de8c294c874ebe3ceb25577
    - e8aaeb9491056a64f97657ef752b3160
    name: View
  m_CurrentViewIndex: 0
  m_TargetSnapshot: {fileID: 24500006}
--- !u!243 &24300002
AudioMixerGroupController:
  m_ObjectHideFlags: 0
  m_CorrespondingSourceObject: {fileID: 0}
  m_PrefabInstance: {fileID: 0}
  m_PrefabAsset: {fileID: 0}
  m_Name: Master
  m_AudioMixer: {fileID: 24100000}
  m_GroupID: 7e25f760827889e448995acae500fb26
  m_Children:
  - {fileID: -1335301359507271969}
  - {fileID: 3611906853519146390}
  m_Volume: 76f3418902d0df94ea4e33f848cc7973
  m_Pitch: 1df6bf83578e52945adb1d4520c70040
  m_Send: 00000000000000000000000000000000
  m_Effects:
  - {fileID: 24400004}
  m_UserColorIndex: 0
  m_Mute: 0
  m_Solo: 0
  m_BypassEffects: 0
--- !u!244 &24400004
AudioMixerEffectController:
  m_ObjectHideFlags: 3
  m_CorrespondingSourceObject: {fileID: 0}
  m_PrefabInstance: {fileID: 0}
  m_PrefabAsset: {fileID: 0}
  m_Name: 
  m_EffectID: a29e21d6b9d35e145b4df83c4ced153c
  m_EffectName: Attenuation
  m_MixLevel: 6fc5dfd1876ad8d42aba3a1f6a0f841d
  m_Parameters: []
  m_SendTarget: {fileID: 0}
  m_EnableWetMix: 0
  m_Bypass: 0
--- !u!245 &24500006
AudioMixerSnapshotController:
  m_ObjectHideFlags: 0
  m_CorrespondingSourceObject: {fileID: 0}
  m_PrefabInstance: {fileID: 0}
  m_PrefabAsset: {fileID: 0}
  m_Name: Snapshot
  m_AudioMixer: {fileID: 24100000}
  m_SnapshotID: 2d805fa124b502e488051026d8231d84
  m_FloatValues:
    31a45a90c32338d4298b6464b038ae2b: -10.345207
    2759b6de4a669d441b6302269e17f321: -19.928473
  m_TransitionOverrides: {}
--- !u!243 &3611906853519146390
AudioMixerGroupController:
  m_ObjectHideFlags: 0
  m_CorrespondingSourceObject: {fileID: 0}
  m_PrefabInstance: {fileID: 0}
  m_PrefabAsset: {fileID: 0}
  m_Name: Sound Effects
  m_AudioMixer: {fileID: 24100000}
  m_GroupID: e8aaeb9491056a64f97657ef752b3160
  m_Children: []
  m_Volume: 31a45a90c32338d4298b6464b038ae2b
  m_Pitch: 7d0fff965ec249a439ea135f8753d2de
  m_Send: 00000000000000000000000000000000
  m_Effects:
  - {fileID: -611717690911701758}
  m_UserColorIndex: 0
  m_Mute: 0
  m_Solo: 0
  m_BypassEffects: 0
